%% report.bib - contains BiBtex input for bibliography

@misc{CDC2013,
    author = {{Centers for Disease Control and Prevention}},
    year = 2013,
    howpublished = {\url{http://www.cdc.gov/cancer/lung/}}
}

@misc{ACS2014,
    author = {{American Cancer Society}},
    year = 2014,
    howpublished = {\url{http://www.cancer.org/cancer/lungcancer-non-smallcell}}
}

@inproceedings{eickhoff2014crowd,
  title={Crowd-powered experts: helping surgeons interpret breast cancer images},
  author={Eickhoff, Carsten},
  booktitle={Proceedings of the First International Workshop on Gamification for Information Retrieval},
  pages={53--56},
  year={2014},
  organization={ACM}
}

@article{zhang2013learning,
  title={Learning by aggregating experts and filtering novices: a solution to crowdsourcing problems in bioinformatics},
  author={Zhang, Ping and Cao, Weidan and Obradovic, Zoran},
  journal={BMC bioinformatics},
  volume={14},
  number={Suppl 12},
  pages={S5},
  year={2013},
  publisher={BioMed Central Ltd}
}

@article{Zamacona13,
	Address = {Los Alamitos, CA, USA},
	Author = {Jose R. Zamacona and Alexander Rasin and Jacob D. Furst and Daniela S. Raicu},
	Doi = {http://doi.ieeecomputersociety.org/10.1109/ICDMW.2013.97},
	Journal = {2013 IEEE 13th International Conference on Data Mining Workshops},
	Pages = {287-294},
	Publisher = {IEEE Computer Society},
	Title = {Reducing Classification Cost through Strategic Annotation Assignment},
	Volume = {0},
	Year = {2013},
	Bdsk-Url-1 = {http://doi.ieeecomputersociety.org/10.1109/ICDMW.2013.97}}

@inproceedings{trapeznikov2013supervised,
  title={Supervised sequential classification under budget constraints},
  author={Trapeznikov, Kirill and Saligrama, Venkatesh},
  booktitle={Proceedings of the Sixteenth International Conference on Artificial Intelligence and Statistics},
  pages={581--589},
  year={2013}
}

@inproceedings{raykar2009supervised,
  title={Supervised learning from multiple experts: whom to trust when everyone lies a bit},
  author={Raykar, Vikas C and Yu, Shipeng and Zhao, Linda H and Jerebko, Anna and Florin, Charles and Valadez, Gerardo Hermosillo and Bogoni, Luca and Moy, Linda},
  booktitle={Proceedings of the 26th Annual international conference on machine learning},
  pages={889--896},
  year={2009},
  organization={ACM}
}

@inproceedings{bouveyron2009supervised,
  title={Supervised classification of categorical data with uncertain labels for DNA barcoding.},
  author={Bouveyron, Charles and Girard, St{\'e}phane and Olteanu, Madalina and others},
  booktitle={ESANN},
  year={2009}
}

@article{ipeirotis2014repeated,
  title={Repeated labeling using multiple noisy labelers},
  author={Ipeirotis, Panagiotis G and Provost, Foster and Sheng, Victor S and Wang, Jing},
  journal={Data Mining and Knowledge Discovery},
  volume={28},
  number={2},
  pages={402--441},
  year={2014},
  publisher={Springer}
}

@inproceedings{ji2011ranking,
  title={Ranking-based classification of heterogeneous information networks},
  author={Ji, Ming and Han, Jiawei and Danilevsky, Marina},
  booktitle={Proceedings of the 17th ACM SIGKDD international conference on Knowledge discovery and data mining},
  pages={1298--1306},
  year={2011},
  organization={ACM}
}

@inproceedings{rohlfing2003expectation,
  title={Expectation maximization strategies for multi-atlas multi-label segmentation},
  author={Rohlfing, Torsten and Russakoff, Daniel B and Maurer, Calvin R},
  booktitle={Information Processing in Medical Imaging},
  pages={210--221},
  year={2003},
  organization={Springer}
}

@inproceedings{yu2005combining,
  title={Combining local and global features for image segmentation using iterative classification and region merging},
  author={Yu, Qiyao and Clausi, David A},
  booktitle={Computer and Robot Vision, 2005. Proceedings. The 2nd Canadian Conference on},
  pages={579--586},
  year={2005},
  organization={IEEE}
}

@article{monahan2000developing,
  title={Developing a clinically useful actuarial tool for assessing violence risk},
  author={Monahan, John and Steadman, Henry J and ROBBINS, PAMELA C and SILVER, ERIC and APPELBAUM, PAUL S and GRISSO, THOMAS and MULVEY, EDWARD P and ROTH, LOREN H},
  journal={The British Journal of Psychiatry},
  volume={176},
  number={4},
  pages={312--319},
  year={2000},
  publisher={RCP}
}

@article{bouix2007evaluating,
  title={On evaluating brain tissue classifiers without a ground truth},
  author={Bouix, Sylvain and Martin-Fernandez, Marcos and Ungar, Lida and Nakamura, Motoaki and Koo, Min-Seong and McCarley, Robert W and Shenton, Martha E},
  journal={Neuroimage},
  volume={36},
  number={4},
  pages={1207--1224},
  year={2007},
  publisher={Elsevier}
}



@inproceedings{whitehill2009whose,
  title={Whose vote should count more: Optimal integration of labels from labelers of unknown expertise},
  author={Whitehill, Jacob and Wu, Ting-fan and Bergsma, Jacob and Movellan, Javier R and Ruvolo, Paul L},
  booktitle={Advances in neural information processing systems},
  pages={2035--2043},
  year={2009}
}

@article{Armato11,
	Author = {Armato, Samuel G and McLennan, Geoffrey and Bidaut, Luc and McNitt-Gray, Michael F and Meyer, Charles R and Reeves, Anthony P and Zhao, Binsheng and Aberle, Denise R and Henschke, Claudia I and Hoffman, Eric A and Kazerooni, Ella A and MacMahon, Heber and Van Beeke, Edwin J R and Yankelevitz, David and Biancardi, Alberto M and Bland, Peyton H and Brown, Matthew S and Engelmann, Roger M and Laderach, Gary E and Max, Daniel and Pais, Richard C and Qing, David P Y and Roberts, Rachael Y and Smith, Amanda R and Starkey, Adam and Batrah, Poonam and Caligiuri, Philip and Farooqi, Ali and Gladish, Gregory W and Jude, C Matilda and Munden, Reginald F and Petkovska, Iva and Quint, Leslie E and Schwartz, Lawrence H and Sundaram, Baskaran and Dodd, Lori E and Fenimore, Charles and Gur, David and Petrick, Nicholas and Freymann, John and Kirby, Justin and Hughes, Brian and Casteele, Alessi Vande and Gupte, Sangeeta and Sallamm, Maha and Heath, Michael D and Kuhn, Michael H and Dharaiya, Ekta and Burns, Richard and Fryd, David S and Salganicoff, Marcos and Anand, Vikram and Shreter, Uri and Vastagh, Stephen and Croft, Barbara Y},
	Issn = {0094-2405},
	Journal = {Med Phys},
	Number = {2},
	Pages = {915-31},
	Pubmedid = {21452728},
	Title = {The Lung Image Database Consortium (LIDC) and Image Database Resource Initiative (IDRI): a completed reference database of lung nodules on CT scans.},
	Url = {http://www.biomedsearch.com/nih/Lung-Image-Database-Consortium-LIDC/21452728.html},
	Volume = {38},
	Year = {2011},
	Bdsk-Url-1 = {http://www.biomedsearch.com/nih/Lung-Image-Database-Consortium-LIDC/21452728.html}
}

@book{Breiman84,
	Author = {Breiman, L. and Friedman, J. and Stone, C.J. and Olshen, R.A.},
	Isbn = {9780412048418},
	Lccn = {83019708},
	Publisher = {Taylor \& Francis},
	Series = {The Wadsworth and Brooks-Cole statistics-probability series},
	Title = {Classification and Regression Trees},
	Url = {http://books.google.com/books?id=JwQx-WOmSyQC},
	Year = {1984},
	Bdsk-Url-1 = {http://books.google.com/books?id=JwQx-WOmSyQC}}
	
@Manual{R,
    title = {R: A Language and Environment for Statistical Computing},
    author = {{R Core Team}},
    organization = {R Foundation for Statistical Computing},
    address = {Vienna, Austria},
    year = {2014},
    url = {http://www.R-project.org/},
  }

@manual{rpart,
	Author = {Therneau, Terry M. and Atkinson, Beth and Ripley, Brian},
	Citeulike-Article-Id = {9595698},
	Citeulike-Linkout-0 = {http://CRAN.R-project.org/package=rpart},
	Comment = {R package version 3.1-50},
	Keywords = {rpart},
	Posted-At = {2011-07-30 12:07:22},
	Priority = {1},
	Title = {{rpart: Recursive Partitioning}},
	Url = {http://CRAN.R-project.org/package=rpart},
	Year = {2011},
	Bdsk-Url-1 = {http://CRAN.R-project.org/package=rpart}}
